@book{wilke_fundamentals_2019,
	address = {Sebastopol, CA},
	edition = {First edition},
	title = {Fundamentals of data visualization: a primer on making informative and compelling figures},
	isbn = {9781492031086},
	shorttitle = {Fundamentals of data visualization},
	publisher = {O'Reilly Media},
	author = {Wilke, C.},
	year = {2019},
	note = {OCLC: on1033902406},
	keywords = {Data Visualization, Data processing, Datenverarbeitung, Handbooks and manuals, Information visualization, Informationsgrafik, Visual analytics, Visualisierung, Visualization},
}
